@article{todorov2022accessibility,
  title     = {Accessibility of Bulgarian regional museums websites},
  author    = {Todorov, Todor and Bogdanova, Galina and Todorova-Ekmekci, Mirena},
  journal   = {International Journal of Advanced Computer Science and Applications},
  volume    = {13},
  number    = {3},
  year      = {2022},
  publisher = {Science and Information (SAI) Organization Limited}
}

@article{ara2024inclusive,
  title     = {An inclusive framework for automated web content accessibility evaluation},
  author    = {Ara, Jinat and Sik-Lanyi, Cecilia and Kelemen, Arpad and Guzsvinecz, Tibor},
  journal   = {Universal Access in the Information Society},
  pages     = {1--27},
  year      = {2024},
  publisher = {Springer}
}

@article{watanabe2024accessibility,
  title     = {Accessibility landmarks identification in web applications based on DOM elements classification},
  author    = {Watanabe, Willian M and de Lemos, Guilherme and Nascimento, Rene Willian},
  journal   = {Universal Access in the Information Society},
  volume    = {23},
  number    = {2},
  pages     = {765--777},
  year      = {2024},
  publisher = {Springer}
}

@article{abu2023web,
  title     = {Web accessibility automatic evaluation tools: to what extent can they be automated?},
  author    = {Abu Doush, Iyad and Sultan, Khalid and Al-Betar, Mohammed Azmi and Almeraj, Zainab and Alyasseri, Zaid Abdi Alkareem and Awadallah, Mohammed A},
  journal   = {CCF Transactions on Pervasive Computing and Interaction},
  volume    = {5},
  number    = {3},
  pages     = {288--320},
  year      = {2023},
  publisher = {Springer}
}


@article{lu2025uxagent,
  title   = {UXAgent: A System for Simulating Usability Testing of Web Design with LLM Agents},
  author  = {Lu, Yuxuan and Yao, Bingsheng and Gu, Hansu and Huang, Jing and Wang, Jessie and Li, Yang and Gesi, Jiri and He, Qi and Li, Toby Jia-Jun and Wang, Dakuo},
  journal = {arXiv preprint arXiv:2504.09407},
  year    = {2025}
}

@inproceedings{mowar2025codea11y,
  title     = {CodeA11y: Making AI Coding Assistants Useful for Accessible Web Development},
  author    = {Mowar, Peya and Peng, Yi-Hao and Wu, Jason and Steinfeld, Aaron and Bigham, Jeffrey P},
  booktitle = {Proceedings of the 2025 CHI Conference on Human Factors in Computing Systems},
  pages     = {1--15},
  year      = {2025}
}

@inproceedings{rajagopal2023design,
  title     = {Design of Generative Multimodal AI Agents to Enable Persons with Learning Disability.},
  author    = {Rajagopal, A and Nirmala, V and Jebadurai, Immanuel Johnraja and Vedamanickam, Arun Muthuraj and Kumar, Prajakta Uthaya},
  booktitle = {ICMI Companion},
  pages     = {259--271},
  year      = {2023}
}



@article{du2020ave,
  title   = {Ave: Assistance via empowerment},
  author  = {Du, Yuqing and Tiomkin, Stas and Kiciman, Emre and Polani, Daniel and Abbeel, Pieter and Dragan, Anca},
  journal = {Advances in Neural Information Processing Systems},
  volume  = {33},
  pages   = {4560--4571},
  year    = {2020}
}

@misc{w3c_wcag22,
  title  = {Web Content Accessibility Guidelines (WCAG) 2.2},
  author = {{W3C}},
  year   = {2023},
  url    = {https://www.w3.org/TR/WCAG22/}
}

@article{kuszczynski2023comparative,
  title     = {Comparative analysis of open-source tools for conducting static code analysis},
  author    = {Kuszczy{\'n}ski, Kajetan and Walkowski, Micha{\l}},
  journal   = {Sensors},
  volume    = {23},
  number    = {18},
  pages     = {7978},
  year      = {2023},
  publisher = {MDPI}
}

@article{wang2024survey,
  title     = {A survey on large language model based autonomous agents},
  author    = {Wang, Lei and Ma, Chen and Feng, Xueyang and Zhang, Zeyu and Yang, Hao and Zhang, Jingsen and Chen, Zhiyuan and Tang, Jiakai and Chen, Xu and Lin, Yankai and others},
  journal   = {Frontiers of Computer Science},
  volume    = {18},
  number    = {6},
  pages     = {186345},
  year      = {2024},
  publisher = {Springer}
}

@incollection{lanham2025ai,
  author    = {Micheal Lanham},
  title     = {Getting Started with AI Agents},
  booktitle = {AI Agents in Action},
  publisher = {Manning Publications},
  year      = {2025},
  chapter   = {1},
  address   = {Shelter Island, NY},
  isbn      = {978-1633436343}
}

@misc{who2023vision,
  author       = {{World Health Organization (WHO)}},
  title        = {World report on vision},
  year         = {2023},
  howpublished = {\url{https://www.who.int}}
}

@misc{cdc2025disabilities,
  author       = {{US Centers for Disease Control and Prevention (CDC)}},
  howpublished = {\url{https://www.cdc.gov/disability-and-health/articles-documents/disability-impacts-all-of-us-infographic.html}},
  title        = {Disability Impacts All of Us Infographic},
  year         = {2025}
}

@online{webaimsurvey2025,
  title  = {WebAIM: Screen Reader Survey Results},
  author = {{WebAIM}},
  year   = {2025},
  url    = {https://webaim.org/projects/screenreader/},
  note   = {Accessed: 2025-06-24}
}

@online{webaimmillion2025,
  title  = {WebAIM: The WebAIM Million},
  author = {{WebAIM}},
  year   = {2025},
  url    = {https://webaim.org/projects/million/},
  note   = {Accessed: 2025-06-24}
}

@misc{webaim_wave_2025,
  author       = {{WebAIM}},
  title        = {WAVE Web Accessibility Evaluation Tools},
  howpublished = {\url{https://wave.webaim.org/}},
  year         = {2025},
  note         = {Suite of tools (browser extension, API, AIM report) for WCAG/Section 508 evaluation}
}

@misc{ibm_accessibility_checker_2025,
  author       = {{IBM}},
  title        = {accessibility-checker},
  howpublished = {NPM module},
  year         = {2025},
  note         = {Node.js automated accessibility testing tool (Puppeteer, Selenium, etc.)}
}



@inproceedings{wobbrock2021assets,
  author    = {Wobbrock, Jacob O. and others},
  title     = {Understanding Screen-Reader Users' Experiences with Online Data Visualizations},
  booktitle = {ASSETS '21: The 23rd International ACM SIGACCESS Conference on Computers and Accessibility},
  year      = {2021},
  pages     = {16},
  doi       = {10.1145/3441852.3471202}
}

@article{inal2025does,
  title     = {Does the law make a difference? a longitudinal study on accessibility compliance of Norwegian municipality websites},
  author    = {Inal, Yavuz and Torkildsby, Anne Britt},
  journal   = {Universal Access in the Information Society},
  pages     = {1--11},
  year      = {2025},
  publisher = {Springer}
}

@inproceedings{ramineni2024leveraging,
  title        = {Leveraging AI and Machine Learning to Address ADA Non-Compliance in Web Applications: A Novel Approach to Enhancing Accessibility},
  author       = {Ramineni, Vishnu and Ingole, Balaji Shesharao and Banarse, Amey Ram and Krishnappa, Manjunatha Sughaturu and Pulipeta, Nikhil Kumar and Jayaram, Vivekananda},
  booktitle    = {2024 Third International Conference on Artificial Intelligence, Computational Electronics and Communication System (AICECS)},
  pages        = {1--6},
  year         = {2024},
  organization = {IEEE}
}

@misc{DANE2022,
  author = {{Departamento Administrativo Nacional de Estadística (DANE)}},
  title  = {Estado actual de la medición de la discapacidad en Colombia},
  year   = {2022},
  note   = {PDF Presentation},
  url    = {https://www.dane.gov.co/files/investigaciones/notas-estadisticas/abr_2022_nota_estadistica_Estado%20actual_de_la_medicion_de_discapacidad_en%20Colombia_presentacion.pdf}
}

@misc{visual_impairments_simulator,
  title        = {Simulator of Visual Impairments},
  author       = {{airadavometra}},
  howpublished = {\url{https://chromewebstore.google.com/detail/simulator-of-visual-impai/imohhjdbajiihdogpnhpgbocfodboﬁp}},
  note         = {Chrome Extension, Version 1.0.1, accessed: 2025-06-26},
  year         = {2023}
}

@inproceedings{taeb2024axnav,
  title     = {Axnav: Replaying accessibility tests from natural language},
  author    = {Taeb, Maryam and Swearngin, Amanda and Schoop, Eldon and Cheng, Ruijia and Jiang, Yue and Nichols, Jeffrey},
  booktitle = {Proceedings of the 2024 CHI Conference on Human Factors in Computing Systems},
  pages     = {1--16},
  year      = {2024}
}

@misc{audioeye2024,
  title        = {Web Accessibility Stats and Data 2024},
  author       = {{AudioEye}},
  year         = {2024},
  howpublished = {\url{https://www.audioeye.com/post/accessibility-statistics/}}
}

@misc{audioeyeEAA2025,
  title        = {European Accessibility Act: Ultimate Guide},
  author       = {{AudioEye}},
  year         = {2025},
  howpublished = {\url{https://www.audioeye.com/post/eu-digital-accessibility/}}
}

@misc{accessibleEU2025,
  title        = {The EAA Comes into Effect in June 2025},
  author       = {{AccessibleEU Centre}},
  year         = {2025},
  howpublished = {\url{https://accessible-eu-centre.ec.europa.eu/content-corner/news/eaa-comes-effect-june-2025-are-you-ready-2025-01-31_en}}
}

@misc{accessdesign2025,
  title        = {Beyond Resolutions: Why 2025 is the Year to Invest in Website Accessibility},
  author       = {{AccessDesign Studio}},
  year         = {2025},
  howpublished = {\url{https://accessdesignstudio.com/beyond-resolutions-why-2025-is-the-year-to-invest-in-website-accessibility/}}
}

@misc{guidepup2025,
  title        = {Guidepup: Screen Reader Driver for Test Automation},
  author       = {{Guidepup Team}},
  year         = {2025},
  howpublished = {\url{https://www.guidepup.dev}}
}

@misc{ibm2025accessibility,
  title        = {IBM Accessibility: Equal Access Toolkit},
  author       = {{IBM Corporation}},
  year         = {2025},
  howpublished = {\url{https://www.ibm.com/able/toolkit/verify}}
}

@article{ravelo2023kraken,
  title     = {Kraken 2.0: A platform-agnostic and cross-device interaction testing tool},
  author    = {Ravelo-M{\'e}ndez, William and Escobar-Vel{\'a}squez, Camilo and Linares-V{\'a}squez, Mario},
  journal   = {Science of Computer Programming},
  volume    = {225},
  pages     = {102897},
  year      = {2023},
  publisher = {Elsevier}
}


@misc{nvda2024,
  author       = {NV Access},
  title        = {NVDA: NonVisual Desktop Access},
  year         = {2024},
  url          = {https://www.nvaccess.org},
}

@misc{voiceover2024,
  author       = {{Apple Inc.}},
  title        = {VoiceOver for macOS},
  year         = {2024},
  url          = {https://support.apple.com/guide/voiceover/welcome/mac},
}

@misc{playwright2025,
  author       = {{Microsoft Corporation}},
  title        = {Playwright: Open-Source Browser Automation},
  howpublished = {\\url{https://playwright.dev/}},
  year         = {2025},
}

@article{garcia2024selenium,
  author    = {Boni García and Carlos Delgado Kloos and Carlos Alario-Hoyos and Mario Munoz-Organero},
  title     = {Selenium-Jupiter: A JUnit 5 extension for Selenium WebDriver},
  journal   = {arXiv preprint arXiv:2402.01480},
  year      = {2024},
}



% ----------- NEW -------------


@inproceedings{alameer2016detecting,
  title={Detecting and localizing internationalization presentation failures in web applications},
  author={Alameer, Abdulmajeed and Mahajan, Sonal and Halfond, William GJ},
  booktitle={2016 IEEE International Conference on Software Testing, Verification and Validation (ICST)},
  pages={202--212},
  year={2016},
  organization={IEEE}
}

@article{vasquez2018continuous,
  title={Continuous, Evolutionary and Large-Scale: A New Perspective for Automated Mobile App Testing},
  author={Vasquez, Mario Linares and Moran, Kevin and Poshyvanyk, Denys},
  journal={arXiv preprint arXiv:1801.06267},
  year={2018}
}

@inproceedings{chiou2024automatically,
  title={Automatically detecting reflow accessibility issues in responsive web pages},
  author={Chiou, Paul T and Winn, Robert and Alotaibi, Ali S and Halfond, William GJ},
  booktitle={Proceedings of the IEEE/ACM 46th International Conference on Software Engineering},
  pages={1--13},
  year={2024}
}

@article{vera2025towards,
  title={Towards accessible website design through artificial intelligence: A systematic literature review},
  author={Vera-Amaro, Guillermo and Rojano-C{\'a}ceres, Jos{\'e} Rafael},
  journal={Information and Software Technology},
  pages={107821},
  year={2025},
  publisher={Elsevier}
}

@inproceedings{mehralian2025automated,
  title={Automated Accessibility Analysis of Dynamic Content Changes on Mobile Apps},
  author={Mehralian, Forough and He, Ziyao and Malek, Sam},
  booktitle={IEEE/ACM 47th International Conference on Software Engineering (ICSE)},
  pages={1--13},
  year={2025}
}

@article{he2025enhancing,
  title={Enhancing Web Accessibility: Automated Detection of Issues with Generative AI},
  author={He, Ziyao and Huq, Syed Fatiul and Malek, Sam},
  journal={Proceedings of the ACM on Software Engineering},
  volume={2},
  number={FSE},
  pages={2264--2287},
  year={2025},
  publisher={ACM New York, NY, USA}
}

@inproceedings{zhong2025screenaudit,
  title={ScreenAudit: Detecting Screen Reader Accessibility Errors in Mobile Apps Using Large Language Models},
  author={Zhong, Mingyuan and Chen, Ruolin and Chen, Xia and Fogarty, James and Wobbrock, Jacob O},
  booktitle={Proceedings of the 2025 CHI Conference on Human Factors in Computing Systems},
  pages={1--19},
  year={2025}
}

@inproceedings{tafreshipour2024ma11y,
  title={Ma11y: A Mutation Framework for Web Accessibility Testing},
  author={Tafreshipour, Mahan and Deshpande, Anmol and Mehralian, Forough and Ahmed, Iftekhar and Malek, Sam},
  booktitle={Proceedings of the 33rd ACM SIGSOFT International Symposium on Software Testing and Analysis},
  pages={100--111},
  year={2024}
}